@article{DalzielDetecting,
  title={Detecting collective behaviour in animal relocation data, with application to migrating caribou},
  author={Dalziel, Benjamin D. and Corre, Mael Le and C?t√©, Steeve D. and Ellner, Stephen P. and Matthiopoulos, Jason},
  journal={Methods in Ecology \& Evolution},
  volume={7},
  number={1},
  pages={30-41},
}
@article{Chandola2009Anomaly,
  title={Anomaly Detection: A Survey},
  author={Chandola, Varun and Banerjee, Arindam and Kumar, Vipin},
  journal={Acm Computing Surveys},
  volume={41},
  number={3},
  year={2009},
}
@article{LeeTrajectory,
  title={Trajectory Outlier Detection: A Partition-and-Detect Framework},
  author={Lee, Jae Gil and Han, Jiawei and Li, Xiaolei},
}
@inproceedings{Wei2011Discovering,
  title={Discovering spatio-temporal causal interactions in traffic data streams},
  author={Wei, Liu and Yu, Zheng and Chawla, Sanjay and Jing, Yuan and Xie, Xing},
  booktitle={Proceedings of the 17th ACM SIGKDD International Conference on Knowledge Discovery and Data Mining, San Diego, CA, USA, August 21-24, 2011},
  year={2011},
}